%YAML 1.1
%TAG !u! tag:unity3d.com,2011:
--- !u!1001 &3250262483372778477
PrefabInstance:
  m_ObjectHideFlags: 0
  serializedVersion: 2
  m_Modification:
    m_TransformParent: {fileID: 0}
    m_Modifications:
    - target: {fileID: -8679921383154817045, guid: 3521ad6c59612604f8ee4179230defa4, type: 3}
      propertyPath: m_RootOrder
      value: 0
      objectReference: {fileID: 0}
    - target: {fileID: -8679921383154817045, guid: 3521ad6c59612604f8ee4179230defa4, type: 3}
      propertyPath: m_LocalScale.x
      value: 1
      objectReference: {fileID: 0}
    - target: {fileID: -8679921383154817045, guid: 3521ad6c59612604f8ee4179230defa4, type: 3}
      propertyPath: m_LocalScale.y
      value: 1
      objectReference: {fileID: 0}
    - target: {fileID: -8679921383154817045, guid: 3521ad6c59612604f8ee4179230defa4, type: 3}
      propertyPath: m_LocalScale.z
      value: 1
      objectReference: {fileID: 0}
    - target: {fileID: -8679921383154817045, guid: 3521ad6c59612604f8ee4179230defa4, type: 3}
      propertyPath: m_LocalPosition.x
      value: 0
      objectReference: {fileID: 0}
    - target: {fileID: -8679921383154817045, guid: 3521ad6c59612604f8ee4179230defa4, type: 3}
      propertyPath: m_LocalPosition.y
      value: 0
      objectReference: {fileID: 0}
    - target: {fileID: -8679921383154817045, guid: 3521ad6c59612604f8ee4179230defa4, type: 3}
      propertyPath: m_LocalPosition.z
      value: 0
      objectReference: {fileID: 0}
    - target: {fileID: -8679921383154817045, guid: 3521ad6c59612604f8ee4179230defa4, type: 3}
      propertyPath: m_LocalRotation.w
      value: 1
      objectReference: {fileID: 0}
    - target: {fileID: -8679921383154817045, guid: 3521ad6c59612604f8ee4179230defa4, type: 3}
      propertyPath: m_LocalRotation.x
      value: 0
      objectReference: {fileID: 0}
    - target: {fileID: -8679921383154817045, guid: 3521ad6c59612604f8ee4179230defa4, type: 3}
      propertyPath: m_LocalRotation.y
      value: -0
      objectReference: {fileID: 0}
    - target: {fileID: -8679921383154817045, guid: 3521ad6c59612604f8ee4179230defa4, type: 3}
      propertyPath: m_LocalRotation.z
      value: -0
      objectReference: {fileID: 0}
    - target: {fileID: -8679921383154817045, guid: 3521ad6c59612604f8ee4179230defa4, type: 3}
      propertyPath: m_LocalEulerAnglesHint.x
      value: 0
      objectReference: {fileID: 0}
    - target: {fileID: -8679921383154817045, guid: 3521ad6c59612604f8ee4179230defa4, type: 3}
      propertyPath: m_LocalEulerAnglesHint.y
      value: 0
      objectReference: {fileID: 0}
    - target: {fileID: -8679921383154817045, guid: 3521ad6c59612604f8ee4179230defa4, type: 3}
      propertyPath: m_LocalEulerAnglesHint.z
      value: 0
      objectReference: {fileID: 0}
    - target: {fileID: -8679921383154817045, guid: 3521ad6c59612604f8ee4179230defa4, type: 3}
      propertyPath: m_ConstrainProportionsScale
      value: 1
      objectReference: {fileID: 0}
    - target: {fileID: -2672254346302298293, guid: 3521ad6c59612604f8ee4179230defa4, type: 3}
      propertyPath: m_LocalScale.x
      value: 0.01
      objectReference: {fileID: 0}
    - target: {fileID: -2672254346302298293, guid: 3521ad6c59612604f8ee4179230defa4, type: 3}
      propertyPath: m_LocalScale.y
      value: 0.01
      objectReference: {fileID: 0}
    - target: {fileID: -2672254346302298293, guid: 3521ad6c59612604f8ee4179230defa4, type: 3}
      propertyPath: m_LocalScale.z
      value: 0.01
      objectReference: {fileID: 0}
    - target: {fileID: -2672254346302298293, guid: 3521ad6c59612604f8ee4179230defa4, type: 3}
      propertyPath: m_LocalPosition.x
      value: 0
      objectReference: {fileID: 0}
    - target: {fileID: -2672254346302298293, guid: 3521ad6c59612604f8ee4179230defa4, type: 3}
      propertyPath: m_LocalPosition.y
      value: 0
      objectReference: {fileID: 0}
    - target: {fileID: -2672254346302298293, guid: 3521ad6c59612604f8ee4179230defa4, type: 3}
      propertyPath: m_LocalPosition.z
      value: 0
      objectReference: {fileID: 0}
    - target: {fileID: -2672254346302298293, guid: 3521ad6c59612604f8ee4179230defa4, type: 3}
      propertyPath: m_ConstrainProportionsScale
      value: 1
      objectReference: {fileID: 0}
    - target: {fileID: -893376633304338931, guid: 3521ad6c59612604f8ee4179230defa4, type: 3}
      propertyPath: m_Materials.Array.data[0]
      value: 
      objectReference: {fileID: 3642922896021965297, guid: 6d0b0d6e84ca09d4ca972f4bdb14472d, type: 3}
    - target: {fileID: 919132149155446097, guid: 3521ad6c59612604f8ee4179230defa4, type: 3}
      propertyPath: m_Name
      value: PIEZA 6
      objectReference: {fileID: 0}
    - target: {fileID: 919132149155446097, guid: 3521ad6c59612604f8ee4179230defa4, type: 3}
      propertyPath: m_IsActive
      value: 1
      objectReference: {fileID: 0}
    - target: {fileID: 5181609973342230803, guid: 3521ad6c59612604f8ee4179230defa4, type: 3}
      propertyPath: m_Mesh
      value: 
      objectReference: {fileID: -2617658779518988315, guid: 7c2637e7288bf05459f5b285b2b4a099, type: 3}
    m_RemovedComponents: []
  m_SourcePrefab: {fileID: 100100000, guid: 3521ad6c59612604f8ee4179230defa4, type: 3}
--- !u!1 &1420523895403218545 stripped
GameObject:
  m_CorrespondingSourceObject: {fileID: 4516536991885567388, guid: 3521ad6c59612604f8ee4179230defa4, type: 3}
  m_PrefabInstance: {fileID: 3250262483372778477}
  m_PrefabAsset: {fileID: 0}
--- !u!64 &739907435
MeshCollider:
  m_ObjectHideFlags: 0
  m_CorrespondingSourceObject: {fileID: 0}
  m_PrefabInstance: {fileID: 0}
  m_PrefabAsset: {fileID: 0}
  m_GameObject: {fileID: 1420523895403218545}
  m_Material: {fileID: 0}
  m_IsTrigger: 0
  m_Enabled: 1
  serializedVersion: 4
  m_Convex: 1
  m_CookingOptions: 30
  m_Mesh: {fileID: -2617658779518988315, guid: 6d0b0d6e84ca09d4ca972f4bdb14472d, type: 3}
--- !u!1 &2439307588529790652 stripped
GameObject:
  m_CorrespondingSourceObject: {fileID: 919132149155446097, guid: 3521ad6c59612604f8ee4179230defa4, type: 3}
  m_PrefabInstance: {fileID: 3250262483372778477}
  m_PrefabAsset: {fileID: 0}
--- !u!54 &760212808
Rigidbody:
  m_ObjectHideFlags: 0
  m_CorrespondingSourceObject: {fileID: 0}
  m_PrefabInstance: {fileID: 0}
  m_PrefabAsset: {fileID: 0}
  m_GameObject: {fileID: 2439307588529790652}
  serializedVersion: 2
  m_Mass: 1
  m_Drag: 5
  m_AngularDrag: 0.05
  m_UseGravity: 1
  m_IsKinematic: 0
  m_Interpolate: 0
  m_Constraints: 0
  m_CollisionDetection: 0
--- !u!114 &760212805
MonoBehaviour:
  m_ObjectHideFlags: 0
  m_CorrespondingSourceObject: {fileID: 0}
  m_PrefabInstance: {fileID: 0}
  m_PrefabAsset: {fileID: 0}
  m_GameObject: {fileID: 2439307588529790652}
  m_Enabled: 1
  m_EditorHideFlags: 0
  m_Script: {fileID: 11500000, guid: 4bff16bb2b8cae9409e88ec4d3527c9b, type: 3}
  m_Name: 
  m_EditorClassIdentifier: 
  _interactables:
  - {fileID: 5952243265164222209}
  _data: {fileID: 0}
--- !u!114 &760212806
MonoBehaviour:
  m_ObjectHideFlags: 0
  m_CorrespondingSourceObject: {fileID: 0}
  m_PrefabInstance: {fileID: 0}
  m_PrefabAsset: {fileID: 0}
  m_GameObject: {fileID: 2439307588529790652}
  m_Enabled: 1
  m_EditorHideFlags: 0
  m_Script: {fileID: 11500000, guid: 43f86b14a27b52f4f9298c33015b5c26, type: 3}
  m_Name: 
  m_EditorClassIdentifier: 
  _transferOnSecondSelection: 0
  _addNewPointsToFront: 0
  _forwardElement: {fileID: 0}
  _oneGrabTransformer: {fileID: 0}
  _twoGrabTransformer: {fileID: 0}
  _targetTransform: {fileID: 0}
  _maxGrabPoints: -1
--- !u!4 &3067507696749757446 stripped
Transform:
  m_CorrespondingSourceObject: {fileID: -8679921383154817045, guid: 3521ad6c59612604f8ee4179230defa4, type: 3}
  m_PrefabInstance: {fileID: 3250262483372778477}
  m_PrefabAsset: {fileID: 0}
--- !u!1001 &3250262484255446753
PrefabInstance:
  m_ObjectHideFlags: 0
  serializedVersion: 2
  m_Modification:
    m_TransformParent: {fileID: 3067507696749757446}
    m_Modifications:
    - target: {fileID: 2176385150639591219, guid: a7a283c538f526040acd7c29703dad02, type: 3}
      propertyPath: m_RootOrder
      value: 1
      objectReference: {fileID: 0}
    - target: {fileID: 2176385150639591219, guid: a7a283c538f526040acd7c29703dad02, type: 3}
      propertyPath: m_LocalPosition.x
      value: 0
      objectReference: {fileID: 0}
    - target: {fileID: 2176385150639591219, guid: a7a283c538f526040acd7c29703dad02, type: 3}
      propertyPath: m_LocalPosition.y
      value: 0
      objectReference: {fileID: 0}
    - target: {fileID: 2176385150639591219, guid: a7a283c538f526040acd7c29703dad02, type: 3}
      propertyPath: m_LocalPosition.z
      value: 0
      objectReference: {fileID: 0}
    - target: {fileID: 2176385150639591219, guid: a7a283c538f526040acd7c29703dad02, type: 3}
      propertyPath: m_LocalRotation.w
      value: 1
      objectReference: {fileID: 0}
    - target: {fileID: 2176385150639591219, guid: a7a283c538f526040acd7c29703dad02, type: 3}
      propertyPath: m_LocalRotation.x
      value: 0
      objectReference: {fileID: 0}
    - target: {fileID: 2176385150639591219, guid: a7a283c538f526040acd7c29703dad02, type: 3}
      propertyPath: m_LocalRotation.y
      value: 0
      objectReference: {fileID: 0}
    - target: {fileID: 2176385150639591219, guid: a7a283c538f526040acd7c29703dad02, type: 3}
      propertyPath: m_LocalRotation.z
      value: 0
      objectReference: {fileID: 0}
    - target: {fileID: 2176385150639591219, guid: a7a283c538f526040acd7c29703dad02, type: 3}
      propertyPath: m_LocalEulerAnglesHint.x
      value: 0
      objectReference: {fileID: 0}
    - target: {fileID: 2176385150639591219, guid: a7a283c538f526040acd7c29703dad02, type: 3}
      propertyPath: m_LocalEulerAnglesHint.y
      value: 0
      objectReference: {fileID: 0}
    - target: {fileID: 2176385150639591219, guid: a7a283c538f526040acd7c29703dad02, type: 3}
      propertyPath: m_LocalEulerAnglesHint.z
      value: 0
      objectReference: {fileID: 0}
    - target: {fileID: 2203098682971652429, guid: a7a283c538f526040acd7c29703dad02, type: 3}
      propertyPath: m_Name
      value: HandGrabInteractable
      objectReference: {fileID: 0}
    - target: {fileID: 9187867933911550432, guid: a7a283c538f526040acd7c29703dad02, type: 3}
      propertyPath: _rigidbody
      value: 
      objectReference: {fileID: 760212808}
    - target: {fileID: 9187867933911550432, guid: a7a283c538f526040acd7c29703dad02, type: 3}
      propertyPath: _pointableElement
      value: 
      objectReference: {fileID: 760212806}
    - target: {fileID: 9187867933911550432, guid: a7a283c538f526040acd7c29703dad02, type: 3}
      propertyPath: _supportedGrabTypes
      value: -1
      objectReference: {fileID: 0}
    m_RemovedComponents: []
  m_SourcePrefab: {fileID: 100100000, guid: a7a283c538f526040acd7c29703dad02, type: 3}
--- !u!114 &5952243265164222209 stripped
MonoBehaviour:
  m_CorrespondingSourceObject: {fileID: 9187867933911550432, guid: a7a283c538f526040acd7c29703dad02, type: 3}
  m_PrefabInstance: {fileID: 3250262484255446753}
  m_PrefabAsset: {fileID: 0}
  m_GameObject: {fileID: 0}
  m_Enabled: 1
  m_EditorHideFlags: 0
  m_Script: {fileID: 11500000, guid: e9a7676b01585ce43908639a27765dfc, type: 3}
  m_Name: 
  m_EditorClassIdentifier: 
